1
@article{Li2013PVO,
  author    = "Li, Xiaolong and Li, jian and Li, Bin and Yang, Bin",
  title     = "High-fidelity reversible data hiding scheme based on pixel-value-ordering and prediction-error expansion",
  journal   = "Signal Process.",
  volume    = "93",
  number    = "1",
  month     = " ",
  year      = "2013",
  pages     = "198-205",
}

2
@article{Qu2015PPVO,
  author    = "Qu, Xiaochao and Kim, Hyoung Joong",
  title     = "Pixel-based pixel value ordering predictor for high-fidelity reversible data hiding",
  journal   = "Signal Process.",
  volume    = "111",
  number    = " ",
  month     = " ",
  year      = "2015",
  pages     = "249-260",
}
