@article{Shi2016Reversible,
  author    = "Shi, Yun Qing and Li, Xiaolong and Zhang, Xinpeng and Wu, Hao Tian and Ma, Bin",
  title     = "Reversible data hiding: Advances in the past two decades",
  journal   = "IEEE Access.",
  volume    = "4",
  number    = " ",
  month     = " ",
  year      = "2016",
  pages     = "3210-3237",
}
@article{ZhichengNi2006A,
  author    = "Zhicheng Ni and Yun Qing Shi and N. Ansari and Wei Su",
  title     = "Reversible data hiding",
  journal   = "IEEE Trans. Circuits Syst. Video Technol.",
  volume    = "16",
  number    = "3",
  month     = "March",
  year      = "2006",
  pages     = "354-362",
}
@article{Alattar2004Reversible,
  author    = "Alattar, A. M",
  title     = "Reversible watermark using the difference expansion of a generalized integer transform",
  journal   = "IEEE Trans. Image Process.",
  volume    = "13",
  number    = "8",
  month     = "",
  year      = "2004",
  pages     = "1147-1156",
}
@article{Dinu2007Very,
  author    = "Dinu Coltuc and Jean Marc Chassery",
  title     = "Very Fast Watermarking by Reversible Contrast Mapping",
  journal   = "IEEE Signal Process. Lett.",
  volume    = "14",
  number    = "4",
  month     = "",
  year      = "2007",
  pages     = "255-258",
}
@inproceedings{Wang2010Efficient,
  author    = "Wang, C. and Li, X. and Yang, B.",
  title     = "Efficient reversible image watermarking by using dynamical prediction-error expansion",
  booktitle = "Proc. IEEE ICIP",
  volume    = "",
  pages     = "3673-3676",
  year      = "2010",
}
@article{Coltuc2011Low,
  author    = "Coltuc, D",
  title     = "Low distortion transform for reversible watermarking",
  journal   = "IEEE Trans. Image Process.",
  volume    = "21",
  number    = "1",
  month     = "",
  year      = "2011",
  pages     = "412-417",
}
@article{Peng2012Adaptive,
  author    = "Peng, Fei and Li, Xiaolong and Yang, Bin",
  title     = "Adaptive reversible data hiding scheme based on integer transform",
  journal   = "Signal Process.",
  volume    = "92",
  number    = "1",
  month     = "",
  year      = "2012",
  pages     = "54-62",
}
@article{Luo2010Reversible,
  author    = "Luo, Lixin and Chen, Zhenyong and Chen, Ming and Zeng, Xiao and Xiong, Zhang",
  title     = "Reversible image watermarking using interpolation technique",
  journal   = "IEEE Trans. Inf. Forens. Secur.",
  volume    = "5",
  number    = "1",
  month     = "",
  year      = "2010",
  pages     = "187-193",
}
@inproceedings{Dragoi2012Improved,
  author    = "Catalin Dragoi and Dinu Coltuc",
  title     = "Improved rhombus interpolation for reversible watermarking by difference expansion",
  booktitle = "Proc. EUSIPCO",
  pages     = "1688-1692",
  ISSN      = "2076-1465",
  year      = "2012",
  month     = "Aug",
}
@inproceedings{Xuan2008Optimum,
  author    = "Xuan, Guorong and Shi, Yun Q. and Chai, Peiqi and Cui, Xia and Ni, Zhicheng and Tong, Xuefeng",
  title     = "Optimum Histogram Pair Based Image Lossless Data Embedding",
  booktitle = "Proc. IWDW",
  pages     = "264-278",
  year      = "2008",
}
@article{Coatrieux2013Reversible,
  author    = "Coatrieux, G. and Pan, Wei and Cuppens-Boulahia, N. and Cuppens, F. and Roux, C.",
  title     = "Reversible Watermarking Based on Invariant Image Classification and Dynamic Histogram Shifting",
  journal   = "IEEE Trans. Inf. Forens. Secur.",
  volume    = "8",
  number    = "1",
  month     = "",
  year      = "2013",
  pages     = "111-120",
}

@article{introduction,
title = "A recent survey of reversible watermarking techniques",
journal = "Information Sciences",
volume = "279",
pages = "251-272",
year = "2014",
issn = "0020-0255",
author = "Asifullah Khan and Ayesha Siddiqa and Summuyya Munib and Sana Ambreen Malik",
}



1
@article{Tian2003DE,
  title={Reversible data embedding using a difference expansion},
  author={Tian, Jun},
  journal={IEEE Trans. Circuits Syst. Video Technol.},
  volume={13},
  number={8},
  pages={890-896},
  year={2003},
}

2
@article{Qin2013An,
  title={An Inpainting-Assisted Reversible Steganographic Scheme Using a Histogram Shifting Mechanism},
  author={Qin, Chuan and Chang, Chin Chen and Huang, Ying Hsuan and Liao, Li Ting},
  journal={IEEE Trans. Circuits Syst. Video Technol.},
  volume={23},
  number={7},
  pages={1109-1118},
  year={2013},
}

3
@article{Thodi2007Expansion,
  title={Expansion embedding techniques for reversible watermarking},
  author={Thodi, Diljith M. and Rodriguez, Jeffrey J.},
  journal={IEEE Trans. Image Process.},
  volume={16},
  number={3},
  pages={721-730},
  year={2007},
}

4
@article{Hu2009DE,
  title={DE-Based Reversible Data Hiding With Improved Overflow Location Map},
  author={Hu, Yongjian and Lee, Heung Kyu and Li, Jianwei},
  journal={IEEE Trans. Circuits Syst. Video Technol.},
  volume={19},
  number={2},
  pages={250-260},
  year={2009},
}

5
@article{Li2013A,
  title={A Novel Reversible Data Hiding Scheme Based on Two-Dimensional Difference-Histogram Modification},
  author={Li, Xiaolong and Zhang, Weiming and Gui, Xinlu and Yang, Bin},
  journal={IEEE Trans. Inf. Forens. Secur.},
  volume={8},
  number={7},
  pages={1091-1100},
  year={2013},
}

6
@article{Hong2009Reversible,
  title={Reversible data hiding for high quality images using modification of prediction errors},
  author={Hong, Wien and Chen, Tung Shou and Shiu, Chih Wei},
  journal={J. Syst. Softw.},
  volume={82},
  number={11},
  pages={1833-1842},
  year={2009},
}
7
@article{Hong2010A,
  title={A high capacity reversible data hiding scheme using orthogonal projection and prediction error modification},
  author={Hong, Wien and Chen, Tung Shou and Chang, Yu Ping and Shiu, Chih Wei},
  journal={Signal Process.},
  volume={90},
  number={11},
  pages={2911-2922},
  year={2010},
}
8
@article{Xiaolong2013General,
  title={General framework to histogram-shifting-based reversible data hiding},
  author={Li, Xiaolong and Li, Bin and Yang, Bin and Zeng, Tieyong},
  journal={IEEE Trans. Image Process.},
  volume={22},
  number={6},
  pages={2181-2191},
  year={2013},
}
9
@article{Wang2018A,
  title={A high capacity reversible data hiding scheme based on right-left shift},
  author={Wang, Weiqing and Ye, Junyong and Wang, Tongqing and Wang, Weifu},
  journal={Signal Process.},
  volume={150},
  number={},
  pages={102-115},
  year={2018},
}

10
@article{Sachnev2009Reversible,
  author    = "Sachnev, Vasiliy and Kim, Hyoung Joong and Nam, Jeho and Suresh, Sundaram and Shi, Yun Qing",
  title     = "Reversible Watermarking Algorithm Using Sorting and Prediction",
  journal   = "IEEE Trans. Circuits Syst. Video Technol.",
  volume    = "19",
  number    = "7",
  month     = "",
  year      = "2009",
  pages     = "989-999",
}

11
@article{Tsai2009Reversible,
  author    = "Tsai, Piyu and Hu, Yu Chen and Yeh, Hsiu Lien",
  title     = "Reversible image hiding scheme using predictive coding and histogram shifting",
  journal   = "Signal Process.",
  volume    = "89",
  number    = "6",
  month     = "",
  year      = "2009",
  pages     = "1129-1143",
}

12
@article{Gao2011Lossless,
  author    = "Gao, Xinbo and An, Lingling and Yuan, Yuan and Tao, Dacheng and Li, Xuelong",
  title     = "Lossless Data Embedding Using Generalized Statistical Quantity Histogram",
  journal   = "IEEE Trans. Circuits Syst. Video Technol.",
  volume    = "21",
  number    = "8",
  month     = "",
  year      = "2011",
  pages     = "1061-1070",
}

13
@article{Li2011Efficient,
  author    = "X. Li and B. Yang and T. Zeng",
  title     = "Efficient Reversible Watermarking Based on Adaptive Prediction-Error Expansion and Pixel Selection",
  journal   = "IEEE Trans. Image Process.",
  volume    = "20",
  number    = "12",
  month     = "",
  year      = "2011",
  pages     = "3524-3533",
}

14
@article{Hong2011Adaptive,
  author    = "Hong, Wien",
  title     = "Adaptive reversible data hiding method based on error energy control and histogram shifting",
  journal   = "Opt. Commun.",
  volume    = "285",
  number    = "2",
  month     = "",
  year      = "2012",
  pages     = "101-108",
}


15
@article{Wu2012Reversible,
  author    = "Wu, H. T. and Huang, J.",
  title     = "Reversible image watermarking on prediction errors by efficient histogram modification",
  journal   = "Signal Process.",
  volume    = "92",
  number    = "12",
  month     = "",
  year      = "2012",
  pages     = "3000-3009",
}

16
@article{Ou2013Pairwise,
  title={Pairwise Prediction-Error Expansion for Efficient Reversible Data Hiding},
  author={Ou, Bo and Li, Xiaolong and Zhao, Yao and Ni, Rongrong and Shi, Yun Qing},
  journal={IEEE Trans. Image Process.},
  volume={22},
  number={12},
  pages={5010-5021},
  year={2013},
}
17
@article{Dragoi2014Local,
  author    = "Dragoi, I. C. and Coltuc, D",
  title     = "Local-prediction-based difference expansion reversible watermarking",
  journal   = "IEEE Trans. Image Process.",
  volume    = "23",
  number    = "4",
  month     = "",
  year      = "2014",
  pages     = "1779",
}

18
@article{Li2015Efficient,
  author    = "Li, Xiaolong and Zhang, Weiming and Gui, Xinlu and Yang, Bin",
  title     = "Efficient Reversible Data Hiding Based on Multiple Histograms Modification",
  journal   = "IEEE Trans. Inf. Forens. Secur.",
  volume    = "10",
  number    = "9",
  month     = "",
  year      = "2015",
  pages     = "2016-2027",
}

19
@article{Dragoi2016Adaptive,
  author    = "Dragoi, Ioan Catalin and Coltuc, Dinu",
  title     = "Adaptive Pairing Reversible Watermarking",
  journal   = "IEEE Trans. Image Process.",
  volume    = "25",
  number    = "5",
  month     = "",
  year      = "2016",
  pages     = "2420-2422",
}

20
@article{Wang2017Rate,
  author    = "Wang, Junxiang and Ni, Jiangqun and Zhang, Xing and Shi, Yun Qing",
  title     = "Rate and Distortion Optimization for Reversible Data Hiding Using Multiple Histogram Shifting",
  journal   = "IEEE Trans. Cybern.",
  volume    = "47",
  number    = "2",
  month     = "",
  year      = "2017",
  pages     = "315-326",
}
21
@article{Fallahpour2008Reversible,
  author    = "Fallahpour, Mehdi",
  title     = "Reversible image data hiding based on gradient adjusted prediction",
  journal   = "IEICE Electron Exp.",
  volume    = "5",
  number    = "20",
  month     = "",
  year      = "2008",
  pages     = "870-876",
}
22
@article{Ioan2014Local,
  title={Local-prediction-based difference expansion reversible watermarking},
  author={Dragoi, Ioan Catalin and Coltuc, Dinu},
  journal={IEEE Trans. Image Process.},
  volume={23},
  number={4},
  pages={1779-1790},
  year={2014},
}
23
@article{Ioan2015On,
  title={On local prediction based reversible watermarking},
  author={Dragoi, Ioan Catalin and Coltuc, Dinu},
  journal={IEEE Trans. Image Process.},
  volume={24},
  number={4},
  pages={1244-1246},
  year={2015},
}
24
@article{Xiang2015A,
  title={A novel reversible image data hiding scheme based on pixel value ordering and dynamic pixel block partition},
  author={Wang, Xiang and Ding, Jing and Pei, Qingqi},
  journal={Information Sciences.},
  volume={310},
  pages={16-35},
  year={2015},
}
25
@article{Bo2016Improved,
  title={Improved PVO-based reversible data hiding: A new implementation based on multiple histograms modification},
  author={Ou, Bo  and Li, Xiaolong and Wang, Jinwei},
  journal={J. Vis. Commun. Image Represent.},
  volume={38},
  pages={328-339},
  year={2016},
}
26
@article{Li2013PVO,
  author    = "Li, Xiaolong and Li, Jian and Li, Bin and Yang, Bin",
  title     = "High-fidelity reversible data hiding scheme based on pixel-value-ordering and prediction-error expansion",
  journal   = "Signal Process.",
  volume    = "93",
  number    = "1",
  month     = " ",
  year      = "2013",
  pages     = "198-205",
}
27
@article{Peng2014IPVO,
  author    =   "Peng, Fei and Li, Xiaolong and Yang, Bin",
  title     =   "Improved PVO-based reversible data hiding",
  journal   =   "Digit. Signal Process.",
  volume    =   "25",
  number    =   "2",
  month     =   " ",
  year      =   "2014",
  pages     =   "255-265",
}
28
@article{Ou2014PVOk,
  title={Reversible data hiding using invariant pixel-value-ordering and prediction-error expansion},
  author={Ou, Bo and Li, Xiaolong and Zhao, Yao and Ni, Rongrong},
  journal={Signal Process.: Image Commun.},
  volume={29},
  number={7},
  pages={760-772},
  year={2014},
}
29
@article{Qu2015PPVO,
  author    = "Qu, Xiaochao and Kim, Hyoung Joong",
  title     = "Pixel-based pixel value ordering predictor for high-fidelity reversible data hiding",
  journal   = "Signal Process.",
  volume    = "111",
  number    = " ",
  month     = " ",
  year      = "2015",
  pages     = "249-260",
}
30
@article{Weng2016Reversible,
  title={Reversible data hiding based on flexible block-partition and adaptive block-modification strategy},
  author={Weng, Shaowei and Liu, Yijun and Pan, Jeng Shyang and Cai, Nian},
  journal={J. Vis. Commun. Image Represent.},
  volume={41},
  pages={185-199},
  year={2016},
}
31
@article{Weng2017Optimal,
  title={Optimal PPVO-based reversible data hiding},
  author={Weng, Shaowei and Zhang, Guohao and Pan, Jeng Shyang and Zhou, Zhili},
  journal={J. Vis. Commun. Image Represent.},
  volume={48},
  pages={317-328},
  year={2017},
}
32
@article{He2018Reversible,
  title={Reversible data hiding using multi-pass pixel-value-ordering and pairwise prediction-error expansion},
  author={He, Wenguang and Xiong, Gangqiang and Weng, Shaowei and Cai, Zhanchuan and Wang, Yaomin},
  journal={Information Sciences.},
  volume={49},
  pages={784-799},
  year={2018},
}
33
@article{Kim2018Skewed,
  title={Skewed Histogram Shifting for Reversible Data Hiding using a Pair of Extreme Predictions},
  author={Kim, Suah and Qu, Xiaochao and Sachnev, Vasily and Kim, Hyoung Joong},
  journal={IEEE Trans. Circuits Syst. Video Technol.},
  volume={},
  number={},
  pages={},
  year={2018},
}


34
@ARTICLE{hs1,
author={ Z. {Ni} and Y. Q. {Shi} and N. {Ansari} and W. {Su}},
journal={IEEE Trans. Circuits Syst. Video Technol.},
title={Reversible data hiding},
year={2006},
volume={16},
number={3},
pages={354-362},
}


35
@ARTICLE{shi,
author={Y. Q. {Shi} and X. {Li} and X. {Zhang} and H. {Wu} and B. {Ma}},
journal={IEEE Access},
title={Reversible data hiding: Advances in the past two decades},
year={2016},
volume={4},
number={},
pages={3210-3237},
ISSN={2169-3536},
month={},}


33
@book{IJcox,
  title={Digital watermarking},
  author={I.J. Cox and M.L. Miller and J.A. Bloom and C.Honsinger},
  publisher={Springer Berlin Heidelberg},
  year={2002},
}

33
@article{Fridrich,
  title={Steganography in digital media},
  author={Fridrich, Jessica},
  journal={Cambridge University Press Cambridge},
  pages={xxiv+437},
  year={2009},
}
