1
@ARTICLE{shi, 
author={Y. Q. {Shi} and X. {Li} and X. {Zhang} and H. {Wu} and B. {Ma}},
journal={IEEE Access}, 
title={Reversible data hiding: Advances in the past two decades}, 
year={2016}, 
volume={4}, 
number={}, 
pages={3210-3237}, 
ISSN={2169-3536}, 
month={},}


2222222
@article{introduction,
title = "A recent survey of reversible watermarking techniques",
journal = "Information Sciences",
volume = "279",
pages = "251-272",
year = "2014",
issn = "0020-0255",
author = "Asifullah Khan and Ayesha Siddiqa and Summuyya Munib and Sana Ambreen Malik",
}



2
@ARTICLE{com1, 
author={M. U. {Celik} and G. {Sharma} and A. M. {Tekalp} and E. {Saber}}, 
journal={IEEE Trans. Image Process.}, 
title={Lossless generalized-{LSB} data embedding}, 
year={2005}, 
volume={14}, 
number={2}, 
pages={253-266}, 
}

3
@Article{com2,

author="Fridrich, Jessica
and Goljan, Miroslav
and Du, Rui",

title="Lossless Data Embedding--{N}ew Paradigm in Digital Watermarking",

journal="EURASIP Journal on Advances in Signal Processing",

year="2002",

month="Feb",

day="14",

volume="2002",

number="2",

pages="185-196",

}



4
@ARTICLE{com3, 
author={W. {Zhang} and X. {Hu} and X. {Li} and N. {Yu}}, 
journal={IEEE Trans. Image Process.}, 
title={Recursive Histogram Modification: Establishing Equivalency Between Reversible Data Hiding and Lossless Data Compression}, 
year={2013}, 
volume={22}, 
number={7}, 
pages={2775-2785}, 
ISSN={1057-7149}, 
month={July},}

5
@ARTICLE{com4, 
author={F. {Huang} and X. {Qu} and H. J. {Kim} and J. {Huang}}, 
journal={IEEE Trans. Circuits Syst. Video Technol.}, 
title={Reversible Data Hiding in {JPEG} Images}, 
year={2016}, 
volume={26}, 
number={9}, 
pages={1610-1621}, 
ISSN={1051-8215}, 
month={Sep.},}

6
@ARTICLE{de1, 
author={J. {Tian}}, 
journal={IEEE Trans. Circuits Syst. Video Technol.}, 
title={Reversible data embedding using a difference expansion}, 
year={2003}, 
volume={13}, 
number={8}, 
pages={890-896}, 
ISSN={1051-8215}, 
month={Aug},}

7
@ARTICLE{de2, 
author={Y. {Hu} and H. {Lee} and J. {Li}}, 
journal={IEEE Trans. Circuits Syst. Video Technol.}, 
title={{DE}-Based Reversible Data Hiding With Improved Overflow Location Map}, 
year={2009}, 
volume={19}, 
number={2}, 
pages={250-260}, 
ISSN={1051-8215}, 
month={Feb},}

8
@ARTICLE{de3, 
author={X. {Li} and W. {Zhang} and X. {Gui} and B. {Yang}}, 
journal={IEEE Trans. Inf. Forensics Secur.}, 
title={A Novel Reversible Data Hiding Scheme Based on Two-Dimensional Difference-Histogram Modification}, 
year={2013}, 
volume={8}, 
number={7}, 
pages={1091-1100}, 
ISSN={1556-6013}, 
month={July},}

9
@ARTICLE{hs1, 
author={ Z. {Ni} and Y. Q. {Shi} and N. {Ansari} and W. {Su}}, 
journal={IEEE Trans. Circuits Syst. Video Technol.}, 
title={Reversible data hiding}, 
year={2006}, 
volume={16}, 
number={3}, 
pages={354-362}, 
ISSN={1051-8215}, 
month={March},}

10
@article{hs2,

title = "Reversible data hiding for high quality images using modification of prediction errors",

journal = "Journal of Systems and Software",

volume = "82",

number = "11",

pages = "1833-1842",

year = "2009",

author = "Wien Hong and T.S. Chen and C. W. Shiu",

keywords = "Reversible data hiding, Histogram-shifting, Error modification".
}

11
@article{hs3,

title = "Reversible image watermarking on prediction errors by efficient histogram modification",

journal = "Signal Processing",

volume = "92",

number = "12",

pages = "3000-3009",

year = "2012",

issn = "0165-1684",


author = "H.T. Wu and Jiwu Huang",

keywords = "Reversible data hiding, Prediction, Histogram modification, Efficiency",
}

12
@ARTICLE{hs4, 
author={X. {Li} and B. {Li} and B. {Yang} and T. {Zeng}}, 
journal={IEEE Trans. Image Process.}, 
title={General Framework to Histogram-Shifting-Based Reversible Data Hiding}, 
year={2013}, 
volume={22}, 
number={6}, 
pages={2181-2191}, 
ISSN={1057-7149}, 
month={June},}

13
@article{hs5,

title = "Multiple histograms based reversible data hiding by using {FCM} clustering",

journal = "Signal Processing",

volume = "159",

pages = "193-203",

year = "2019",

issn = "0165-1684",

author = "Junxiang Wang and Ningxiong Mao and Xin Chen and Jiangqun Ni and Chuntao Wang and Y. Q. Shi",

}

14
@ARTICLE{Sachnev2009Reversible(PEE), 
author={V. {Sachnev} and H. J. {Kim} and J. {Nam} and S. {Suresh} and Y. Q. {Shi}}, 
journal={IEEE Trans. Circuits Syst. Video Technol.}, 
title={Reversible Watermarking Algorithm Using Sorting and Prediction}, 
year={2009}, 
volume={19}, 
number={7}, 
pages={989-999}, 
keywords={data encapsulation;data reduction;error statistics;image coding;sorting;watermarking;reversible watermarking algorithm;lossless watermarking algorithm;prediction error;sorting technique;data reduction;Watermarking;Sorting;Data encapsulation;Information security;Decoding;Image resolution;Prediction algorithms;Data mining;Image quality;Pixel;Lossless data hiding;prediction error expansion;reversible watermarking}, 
ISSN={1051-8215}, 
month={July},}

15
@ARTICLE{Thodi2007, 
author={D. M. {Thodi} and J. J. {Rodriguez}}, 
journal={IEEE Trans. Image Process.}, 
title={Expansion Embedding Techniques for Reversible Watermarking}, 
year={2007}, 
volume={16}, 
number={3}, 
pages={721-730}, 
ISSN={1057-7149}, 
month={March},}


16
@ARTICLE{Li2015MultiHisto, 
author={X. {Li} and W. {Zhang} and X. {Gui} and B. {Yang}}, 
journal={IEEE Trans. Inf. Forensics Secur.}, 
title={Efficient Reversible Data Hiding Based on Multiple Histograms Modification}, 
year={2015}, 
volume={10}, 
number={9}, 
pages={2016-2027}, 
ISSN={1556-6013}, 
month={Sep.},}


17
@article{Li2013(PVO),

title = "High-fidelity reversible data hiding scheme based on pixel-value-ordering and prediction-error expansion",

journal = "Signal Processing",

volume = "93",

number = "1",

pages = "198-205",

year = "2013",

issn = "0165-1684",


author = "Xiaolong Li and Jian Li and Bin Li and Bin Yang",

}

18
@article{Peng2014Improved(PVO),

title = "Improved {PVO}-based reversible data hiding",

journal = "Digital Signal Processing",

volume = "25",

pages = "255-265",

year = "2014",

issn = "1051-2004",


author = "Fei Peng and Xiaolong Li and Bin Yang",

}

19
@article{qu2015pixel(PPVO),

title = "Pixel-based pixel value ordering predictor for high-fidelity reversible data hiding",

journal = "Signal Processing",

volume = "111",

pages = "249-260",

year = "2015",

issn = "0165-1684",

author = "Xiaochao Qu and Hyoung Joong Kim",
}

20
@ARTICLE{Kim2018, 
author={S. {Kim} and X. {Qu} and V. {Sachnev} and H. J. {Kim}}, 
journal={IEEE Trans. Circuits Syst. Video Technol.}, 
title={Skewed Histogram Shifting for Reversible Data Hiding using a Pair of Extreme Predictions}, 
year={2019}, 
volume={}, 
number={}, 
pages={1-12}, 
ISSN={1051-8215}, 
month={},}

21
@ARTICLE{Ou2013Pairwise(PEE), 
author={B. {Ou} and X. {Li} and Y. {Zhao} and R. {Ni} and Y. {Shi}}, 
journal={IEEE Trans. Image Process.}, 
title={Pairwise Prediction-Error Expansion for Efficient Reversible Data Hiding}, 
year={2013}, 
volume={22}, 
number={12}, 
pages={5010-5021}, 
ISSN={1057-7149}, 
month={Dec},}

22
@ARTICLE{GAP, 
author={X. {Li} and B. {Yang} and T. {Zeng}}, 
journal={IEEE Trans. Image Process.}, 
title={Efficient Reversible Watermarking Based on Adaptive Prediction-Error Expansion and Pixel Selection}, 
year={2011}, 
volume={20}, 
number={12}, 
pages={3524-3533}, 
ISSN={1057-7149}, 
month={Dec},}

23
@article{addPEE1,

title = "Reversible data hiding based on an adaptive pixel-embedding strategy and two-layer embedding",

journal = "Information Sciences",

volume = "369",

pages = "144-159",

year = "2016",

issn = "0020-0255",

author = "Shaowei Weng and J. S. Pan and Leida Li",

}

24
@article{addPEE2,

title = "Reversible data hiding using multi-pass pixel-value-ordering and pairwise prediction-error expansion",

journal = "Information Sciences",

volume = "467",

pages = "784-799",

year = "2018",

issn = "0020-0255",
author = "Wenguang He and Gangqiang Xiong and Shaowei Weng and Zhanchuan Cai and Yaomin Wang",
}

25
@ARTICLE{addPEE3, 
author={C. {Qin} and C. {Chang} and Y. {Huang} and L. {Liao}}, 
journal={IEEE Trans. Circuits Syst. Video Technol.}, 
title={An Inpainting-Assisted Reversible Steganographic Scheme Using a Histogram Shifting Mechanism}, 
year={2013}, 
volume={23}, 
number={7}, 
pages={1109-1118}, 
ISSN={1051-8215}, 
month={July},}

26
@ARTICLE{addPEE4, 
author={J. {Wang} and J. {Ni} and X. {Zhang} and Y. {Shi}}, 
journal={IEEE Trans. Cybern.}, 
title={Rate and Distortion Optimization for Reversible Data Hiding Using Multiple Histogram Shifting}, 
year={2017}, 
volume={47}, 
number={2}, 
pages={315-326}, 
ISSN={2168-2267}, 
month={Feb},}

27
@Article{addPEE5,

author="Hwang, Hee Joon
and Kim, SungHwan
and Kim, Hyoung Joong",

title="Reversible data hiding using least square predictor via the {LASSO}",

journal="EURASIP Journal on Image and Video Processing",

year="2016",

month="Dec",

day="07",

volume="2016",

number="1",

pages="1-12",


issn="1687-5281",


}



28
@article{addPEE6,

title = "Dynamic improved pixel value ordering reversible data hiding",

journal = "Information Sciences",

volume = "489",

pages = "136-154",

year = "2019",

issn = "0020-0255",

author = "Shaowei Weng and Y. Q. Shi and Wien Hong and Ye Yao",


}

29
@article{addPEE7,

title = "A high capacity reversible data hiding scheme using orthogonal projection and prediction error modification",

journal = "Signal Processing",

volume = "90",

number = "11",

pages = "2911-2922",

year = "2010",

issn = "0165-1684",

author = "Wien Hong and T. S. Chen and Y. P. Chang and C. W. Shiu",
}

30
@ARTICLE{addPEE8, 
author={B. {Ou} and X. {Li} and W. {Zhang} and Y. {Zhao}}, 
journal={IEEE Trans. Circuits Syst. Video Technol.}, 
title={Improving pairwise {PEE} via hybrid-dimensional histogram generation and adaptive mapping selection}, 
year={2019}, 
volume={}, 
number={}, 
pages={1-14}, 
ISSN={1051-8215}, 
month={},}

31
@article{addPEE9,

title = "Improved block redundancy mining based reversible data hiding using multi-sub-blocking",

journal = "Signal Processing: Image Communication",

volume = "60",

pages = "199-210",

year = "2018",

issn = "0923-5965",


author = "Wenguang He",

}

32
@article{addPEE10,

title = "Reversible watermarking method using optimal histogram pair shifting based on prediction and sorting",

journal = "KSII Trans. Internet Inf. Syst.",

volume = "4",

number = "4",
pages = "655-670",

year = "2010",

author = "H. J. Hwang and H. Kim and V. Sachnev and S. Joo",

}

33
@ARTICLE{addPEE11, 
author={G. {Coatrieux} and C. L. {Guillou} and J. {Cauvin} and C. {Roux}}, 
journal={IEEE Trans. Inf. Techn. in Biomedicine}, 
title={Reversible Watermarking for Knowledge Digest Embedding and Reliability Control in Medical Images}, 
year={2009}, 
volume={13}, 
number={2}, 
pages={158-165}, 
ISSN={1089-7771}, 
month={March},}

34
@ARTICLE{addPEE12, 
author={G. {Coatrieux} and W. {Pan} and N. {Cuppens-Boulahia} and F. {Cuppens} and C. {Roux}}, 
journal={IEEE Trans. Inf. Forensics Secur.}, 
title={Reversible Watermarking Based on Invariant Image Classification and Dynamic Histogram Shifting}, 
year={2013}, 
volume={8}, 
number={1}, 
pages={111-120}, 
ISSN={1556-6013}, 
month={Jan},}

35
@article{addPEE13,

title = "Reversible data hiding with oriented and minimized distortions using cascading trellis coding",

journal = "Information Sciences",

volume = "317",

pages = "170-180",

year = "2015",

issn = "0020-0255",

author = "Qian Mao and Fan Li and C. C. Chang",

}

36
@ARTICLE{addPEE14, 
author={B. {Ma} and Y. Q. {Shi}}, 
journal={IEEE Trans. Inf. Forensics Secur.}, 
title={A Reversible Data Hiding Scheme Based on Code Division Multiplexing}, 
year={2016}, 
volume={11}, 
number={9}, 
pages={1914-1927}, 
ISSN={1556-6013}, 
month={Sep.},}

37
@ARTICLE{addPEE15, 
author={D. {Hou} and W. {Zhang} and Y. {Yang} and N. {Yu}}, 
journal={IEEE Trans. Image Process.}, 
title={Reversible Data Hiding Under Inconsistent Distortion Metrics}, 
year={2018}, 
volume={27}, 
number={10}, 
pages={5087-5099},  
ISSN={1057-7149}, 
month={Oct},}

38
@article{addPEE16,

title = "Reversible data hiding using Delaunay triangulation and selective embedment",

journal = "Information Sciences",

volume = "308",

pages = "140-154",

year = "2015",

issn = "0020-0255",
author = "Wien Hong and T. S. Chen and Jeanne Chen",
}

39
@ARTICLE{addPEE17, 
author={D. {Coltuc}}, 
journal={IEEE Trans. Inf. Forensics Secur.}, 
title={Improved Embedding for Prediction-Based Reversible Watermarking}, 
year={2011}, 
volume={6}, 
number={3}, 
pages={873-882}, 
ISSN={1556-6013}, 
month={Sep.},}



40
@article{addPEE18,
title = "Reversible data hiding based on pairwise embedding and optimal expansion path",
journal = "Signal Processing",
volume = "158",
pages = "210-218",
year = "2019",
issn = "0165-1684",
author = "Mengyao Xiao and Xiaolong Li and Yangyang Wang and Yao Zhao and Rongrong Ni",
}


41
@ARTICLE{inte1, 
author={A. M. {Alattar}}, 
journal={IEEE Trans. Image Process.}, 
title={Reversible watermark using the difference expansion of a generalized integer transform}, 
year={2004}, 
volume={13}, 
number={8}, 
pages={1147-1156}, 
ISSN={1057-7149}, 
month={Aug},}

42
@ARTICLE{inte2, 
author={D. {Coltuc} and J. {Chassery}}, 
journal={IEEE Signal Process. Lett.}, 
title={Very Fast Watermarking by Reversible Contrast Mapping}, 
year={2007}, 
volume={14}, 
number={4}, 
pages={255-258}, 
month={April},}

43
@ARTICLE{inte3, 
author={D. {Coltuc}}, 
journal={IEEE Trans. Image Process.}, 
title={Low distortion transform for reversible watermarking}, 
year={2012}, 
volume={21}, 
number={1}, 
pages={412-417}, 
ISSN={1057-7149}, 
month={Jan},}

44
@article{inte4,

title = "Adaptive reversible data hiding scheme based on integer transform",

journal = "Signal Processing",

volume = "92",

number = "1",

pages = "54-62",

year = "2012",

issn = "0165-1684",

author = "Fei Peng and Xiaolong Li and Bin Yang",

}


45
@ARTICLE{sharper2, 
author={I. {Dragoi} and D. {Coltuc}}, 
journal={IEEE Trans. Image Process.}, 
title={Local-Prediction-Based Difference Expansion Reversible Watermarking}, 
year={2014}, 
volume={23}, 
number={4}, 
pages={1779-1790}, 
ISSN={1057-7149}, 
month={April},}

46
@article{PVOk,

title = "Reversible data hiding using invariant pixel-value-ordering and prediction-error expansion",

journal = "Signal Processing: Image Communication",

volume = "29",

number = "7",

pages = "760-772",

year = "2014",

author = "Bo Ou and Xiaolong Li and Yao Zhao and Rongrong Ni",

keywords = "Reversible data hiding, Pixel-value-ordering, Prediction-error expansion, Performance optimization",


}

47
@article{WangPVO,

title = "A novel reversible image data hiding scheme based on pixel value ordering and dynamic pixel block partition",

journal = "Information Sciences",

volume = "310",

pages = "16-35",

year = "2015",

issn = "0020-0255",

author = "Xiang Wang and Jing Ding and Qingqi Pei",


}


49
@InProceedings{boss,
author="Bas, Patrick
and Filler, Tom{\'a}{\v{s}}
and Pevn{\'y}, Tom{\'a}{\v{s}}",
title="``{B}reak Our Steganographic System'': The Ins and Outs of Organizing {BOSS}",
booktitle="Proc. 13th International Workshop on Information Hiding",
year="2011",
pages="59--70",
}





















